@Article{ MassFromN,
	title = "{Maximum stellar mass versus cluster membership number revisited}",
	author = "T. {Maschberger} and C.~J. {Clarke}",
	journal = "mnras",
	pages = "711--717",
	volume = 391,
	month = dec,
	year = 2008,
	keywords = "Galaxies: Star Clusters, Galaxies: Stellar Content, Mass Function, Stars: Formation, Stars: Luminosity Function",
	doi = "10.1111/j.1365-2966.2008.13903.x",
	adsnote = "Provided by the SAO/NASA Astrophysics Data System",
	adsurl = "http://adsabs.harvard.edu/abs/2008MNRAS.391..711M",
	archivePrefix = "arXiv",
	eprint = "0808.4089"
}

@Article{ Origin,
	title = "{The maximum stellar mass, star-cluster formation and composite stellar populations}",
	author = "C. {Weidner} and P. {Kroupa}",
	journal = "mnras",
	pages = "1333--1347",
	volume = 365,
	month = feb,
	year = 2006,
	keywords = "Galaxies: Evolution, Galaxies: Star Clusters, Galaxies: Stellar Content, Galaxy: Stellar Content, Mass Function, Stars: Formation, Stars: Luminosity Function",
	doi = "10.1111/j.1365-2966.2005.09824.x",
	adsnote = "Provided by the SAO/NASA Astrophysics Data System",
	adsurl = "http://adsabs.harvard.edu/abs/2006MNRAS.365.1333W",
	eprint = "arXiv:astro-ph/0511331"
}

@Article{ 2000ApJ...539..342E,
	title = "{Modeling a High-Mass Turn-Down in the Stellar Initial Mass Function}",
	author = "B.~G. {Elmegreen}",
	journal = "apj",
	pages = "342--351",
	volume = 539,
	month = aug,
	year = 2000,
	keywords = "Mass Function, Stars: Formation, Stars: Luminosity Function",
	doi = "10.1086/309204",
	adsnote = "Provided by the SAO/NASA Astrophysics Data System",
	adsurl = "http://adsabs.harvard.edu/abs/2000ApJ...539..342E",
	eprint = "arXiv:astro-ph/0005455"
}

@Article{ Kroupa2001,
	author = "P. {Kroupa}",
	title = "{On the variation of the initial mass function}",
	journal = "mnras",
	eprint = "arXiv:astro-ph/0009005",
	keywords = "Binaries: General, Stars: Formation, Stars: Kinematics, Stars: Luminosity Function, Mass Function, Globular Clusters: General, Open Clusters And Associations: General",
	year = 2001,
	month = apr,
	volume = 322,
	pages = "231--246",
	doi = "10.1046/j.1365-8711.2001.04022.x",
	adsurl = "http://adsabs.harvard.edu/abs/2001MNRAS.322..231K",
	adsnote = "Provided by the SAO/NASA Astrophysics Data System"
}


@Article{ Piskunov2005,
   author = {{Kharchenko}, N.~V. and {Piskunov}, A.~E. and {R{\"o}ser}, S. and 
	{Schilbach}, E. and {Scholz}, {R.-D.}},
    title = "{Astrophysical parameters of Galactic open clusters}",
  journal = {\aap},
   eprint = {arXiv:astro-ph/0501674},
 keywords = {techniques: photometric, catalogs, astrometry, stars: kinematics, open clusters and associations: general, Galaxy: stellar content},
     year = 2005,
    month = aug,
   volume = 438,
    pages = {1163-1173},
      doi = {10.1051/0004-6361:20042523},
   adsurl = {http://adsabs.harvard.edu/abs/2005A%26A...438.1163K},
  adsnote = {Provided by the SAO/NASA Astrophysics Data System}
}

@ARTICLE{Kharchenko2003,
   author = {{Kharchenko}, N.~V. and {Pakulyak}, L.~K. and {Piskunov}, A.~E.
	},
    title = "{Proper motions of open clusters (Kharchenko+, 2003)}",
  journal = {VizieR Online Data Catalog},
 keywords = {Clusters: open, Combined data},
     year = 2003,
    month = jun,
   volume = 808,
    pages = {291-+},
   adsurl = {http://adsabs.harvard.edu/abs/2003yCat..80800291K},
  adsnote = {Provided by the SAO/NASA Astrophysics Data System}
}

@Book{OrderStat,
 title = "{A First Course in Order Statistics}",
 publisher = "{John Wiley \& Sons, New York}",
 year = {1992},
 author = {{Arnold} B.~C. and {Balakrishnan} N. and {Nagaraja} H.~N.}
}


